
@book{downs_economic_1957,
	address = {New York},
	title = {An economic theory of democracy},
	publisher = {Harper},
	author = {Downs, Anthony},
	year = {1957},
	note = {Publisher: Harper \& Row New York},
}

@article{schilling_zweite_2022,
	title = {Zweite {Aktualisierung} der „{Retrospektiven} {Phaseneinteilung} der {COVID}-19- {Pandemie} in {Deutschland}“},
	volume = {2022},
	copyright = {(CC BY 3.0 DE) Namensnennung 3.0 Deutschland,},
	url = {https://edoc.rki.de/handle/176904/9483},
	doi = {10.25646/9787},
	abstract = {Für einen strukturierten Vergleich der COVID-19-Pandemiewellen und des Gesamtgeschehens in Deutschland wurde die COVID-19-Pandemie im Epidemiologischen Bulletin 15/2021 anhand verschiedener Parameter retrospektiv in epidemiologische Phasen eingeteilt (aktualisiert in Ausgabe 37/2021). In der zweiten Aktualisierung mit Daten bis zum 02.03.2022 wurde der Pandemieverlauf unter zusätzlicher Einbeziehung von Daten aus der syndromischen Surveillance akuter Atemwegserkrankungen und der Genomsequenzierung um weitere Phasen ergänzt. Das Ende des Sommerplateaus 2021 wird definiert sowie Phase 6 (vierte Welle, VOC Delta) zeitlich festgelegt. Phase 7 (fünfte Welle, VOC Omikron) startete mit KW 52/2021, eine Aussage zum Ende dieser Phase kann aktuell noch nicht getroffen werden.},
	language = {de},
	number = {10},
	urldate = {2022-11-20},
	journal = {Epidemiologisches Bulletin},
	author = {Schilling, Julia and Buda, Silke and Tolksdorf, Kristin},
	month = mar,
	year = {2022},
	note = {Publisher: Robert Koch-Institut},
	keywords = {610 Medizin und Gesundheit, COVID-19, Modellierung, Pandemieparameter, Phaseneinteilung, VOC},
	pages = {3--4},
	file = {Schilling et al. - 2022 - Zweite Aktualisierung der „Retrospektiven Phasenei.pdf:C\:\\Users\\felix\\OneDrive - London School of Economics\\Zotero\\storage\\TTC5AGYP\\Schilling et al. - 2022 - Zweite Aktualisierung der „Retrospektiven Phasenei.pdf:application/pdf},
}

@article{miller_how_2013,
	title = {How {To} {Be} a {Peer} {Reviewer}: {A} {Guide} for {Recent} and {Soon}-to-be {PhDs}},
	volume = {46},
	issn = {1049-0965, 1537-5935},
	shorttitle = {How {To} {Be} a {Peer} {Reviewer}},
	url = {https://www.cambridge.org/core/journals/ps-political-science-and-politics/article/how-to-be-a-peer-reviewer-a-guide-for-recent-and-soontobe-phds/D3E6C08F785D789184CA59450AE05549},
	doi = {10.1017/S104909651200128X},
	abstract = {Peer review is central to political science. In this article we collect the ideas of journal editors in political science and several recent PhDs, who met as a panel at the 2011 American Political Science Association Annual Meeting to discuss the principles of the review process. This includes why reviewing is important to the development of one's own scholarship but also offers some nuts and bolts on reviewing.},
	language = {en},
	number = {1},
	urldate = {2022-11-20},
	journal = {PS: Political Science \& Politics},
	author = {Miller, Beth and Pevehouse, Jon and Rogowski, Ron and Tingley, Dustin and Wilson, Rick},
	month = jan,
	year = {2013},
	note = {Publisher: Cambridge University Press},
	pages = {120--123},
	file = {Full Text PDF:C\:\\Users\\felix\\OneDrive - London School of Economics\\Zotero\\storage\\F8PD7UQ7\\Miller et al. - 2013 - How To Be a Peer Reviewer A Guide for Recent and .pdf:application/pdf},
}

@misc{hunermund_nuisance_2022,
	title = {On the {Nuisance} of {Control} {Variables} in {Regression} {Analysis}},
	url = {http://arxiv.org/abs/2005.10314},
	doi = {10.48550/arXiv.2005.10314},
	abstract = {Control variables are included in regression analyses to estimate the causal effect of a treatment on an outcome. In this article, we argue that the estimated effect sizes of control variables are unlikely to have a causal interpretation themselves though. This is because even valid controls are possibly endogenous and therefore represent a combination of several different causal mechanisms operating jointly on the outcome, which is hard to interpret theoretically. We recommend to refrain from reporting marginal effects of controls in regression tables and to focus exclusively on the variables of interest in the results sections of quantitative research papers. Moreover, we advise against using control variable estimates for subsequent theory building and meta-analyses.},
	urldate = {2022-11-20},
	publisher = {arXiv},
	author = {Hünermund, Paul and Louw, Beyers},
	month = sep,
	year = {2022},
	note = {arXiv:2005.10314 [econ]},
	keywords = {Economics - Econometrics},
	file = {arXiv Fulltext PDF:C\:\\Users\\felix\\OneDrive - London School of Economics\\Zotero\\storage\\3IE2MIB2\\Hünermund and Louw - 2022 - On the Nuisance of Control Variables in Regression.pdf:application/pdf;arXiv.org Snapshot:C\:\\Users\\felix\\OneDrive - London School of Economics\\Zotero\\storage\\LTLD98T6\\2005.html:text/html},
}
